@article{roy2019overview,
  title={An overview of semantic search engines},
  author={Roy, Subham and Modak, Akshay and Barik, Debabrata and Goon, Surajit},
  journal={Int. J. Res. Rev},
  volume={6},
  number={10},
  pages={73--85},
  year={2019}
}
@INPROCEEDINGS{8217758,
  author={Shi, Jingyi and Zheng, Mingna and Yao, Lixia and Ge, Yaorong},
  booktitle={2017 IEEE International Conference on Bioinformatics and Biomedicine (BIBM)}, 
  title={DIR â€” A semantic information resource for healthcare datasets}, 
  year={2017},
  volume={},
  number={},
  pages={805-810},
  doi={10.1109/BIBM.2017.8217758}}
@article{zenuni2015state,
  title={State of the art of semantic web for healthcare},
  author={Zenuni, Xhemal and Raufi, Bujar and Ismaili, Florije and Ajdari, Jaumin},
  journal={Procedia-Social and Behavioral Sciences},
  volume={195},
  pages={1990--1998},
  year={2015},
  publisher={Elsevier}
}
@INPROCEEDINGS{5694914,
  author={Liu, Zhusong and Zhang, Yuqin},
  booktitle={2010 3rd International Conference on Information Management, Innovation Management and Industrial Engineering}, 
  title={Research and Design of E-commerce Semantic Search}, 
  year={2010},
  volume={4},
  number={},
  pages={332-334},
  doi={10.1109/ICIII.2010.559}}
@inproceedings{cotfas2019semantic,
  title={Semantic search in social media analysis},
  author={Cotfas, Liviu-Adrian and Roxin, Ioan and Delcea, Camelia},
  booktitle={Proceedings of the 18th International Conference on Conference on Informatics in Economy (IE 2019)},
  pages={37--42},
  year={2019}
}
@inproceedings{nazarenko2018annotation,
  title={An annotation language for semantic search of legal sources},
  author={Nazarenko, Adeline and Levy, Fran{\c{c}}ois and Wyner, Adam},
  booktitle={Proceedings of the Eleventh International Conference on Language Resources and Evaluation (LREC 2018)},
  year={2018}
}
@inproceedings{tumer2009empirical,
  title={An empirical evaluation on semantic search performance of keyword-based and semantic search engines: Google, yahoo, msn and hakia},
  author={T{\"u}mer, Duygu and Shah, Mohammad Ahmed and Bitirim, Yiltan},
  booktitle={2009 Fourth International Conference on Internet Monitoring and Protection},
  pages={51--55},
  year={2009},
  organization={IEEE}
}
@INPROCEEDINGS{5423739,
  author={Dvorscak, Stanislav and Machova, Kristina},
  booktitle={2010 IEEE 8th International Symposium on Applied Machine Intelligence and Informatics (SAMI)}, 
  title={Intelligent search machine with the semantic support}, 
  year={2010},
  volume={},
  number={},
  pages={195-198},
  doi={10.1109/SAMI.2010.5423739}}